<?xml version='1.0' encoding='UTF-8'?>
<record xmlns="http://www.loc.gov/MARC21/slim">
  <leader>01391cam a2200373 a 4500</leader>
  <controlfield tag="001">464958</controlfield>
  <controlfield tag="003">NjP</controlfield>
  <controlfield tag="005">20170613154940.0</controlfield>
  <controlfield tag="008">880902s1945    ua      r     000 0 ara d</controlfield>
  <datafield tag="024" ind1="7" ind2=" ">
    <subfield code="a">princeton_aco002793</subfield>
    <subfield code="2">local</subfield>
  </datafield>
  <datafield ind1=" " ind2=" " tag="035">
    <subfield code="a">(OCoLC)ocn175449896</subfield>
  </datafield>
  <datafield ind1=" " ind2=" " tag="035">
    <subfield code="a">(OCoLC)25345006</subfield>
  </datafield>
  <datafield ind1=" " ind2=" " tag="040">
    <subfield code="a">NjP</subfield>
    <subfield code="c">PUL</subfield>
    <subfield code="d">PUL</subfield>
  </datafield>
  <datafield ind1=" " ind2=" " tag="035">
    <subfield code="a">(OCoLC)175449896</subfield>
  </datafield>
  <datafield ind1=" " ind2=" " tag="035">
    <subfield code="a">(CStRLIN)NJPG88-B44264</subfield>
  </datafield>
  <datafield ind1=" " ind2=" " tag="035">
    <subfield code="9">ACE0617TS</subfield>
  </datafield>
  <datafield ind1=" " ind2=" " tag="035">
    <subfield code="a">(NjP)464958</subfield>
  </datafield>
  <datafield ind1="1" ind2=" " tag="041">
    <subfield code="a">ara</subfield>
    <subfield code="h">swe</subfield>
  </datafield>
  <datafield ind1=" " ind2=" " tag="079">
    <subfield code="a">ocm25345006</subfield>
  </datafield>
  <datafield ind1=" " ind2=" " tag="049">
    <subfield code="a">PULL</subfield>
  </datafield>
  <datafield ind1="1" ind2=" " tag="100">
    <subfield code="a">Strindberg, August,</subfield>
    <subfield code="d">1849-1912.</subfield>
    <subfield code="0">http://id.loc.gov/authorities/names/n79005597</subfield>
  </datafield>
  <datafield ind1="1" ind2="0" tag="240">
    <subfield code="a">Fadren.</subfield>
    <subfield code="l">Arabic</subfield>
  </datafield>
  <datafield ind1="1" ind2="0" tag="245">
    <subfield code="6">880-01</subfield>
    <subfield code="a">Masraḥīyat al-Ab /</subfield>
    <subfield code="c">taʼlīf Ūjust Stirindbirj ; tarjamat Wadīʻ Filasṭīn.</subfield>
  </datafield>
  <datafield ind1=" " ind2=" " tag="260">
    <subfield code="6">880-02</subfield>
    <subfield code="a">[Cairo] :</subfield>
    <subfield code="b">Yuṭlabu min Maktabat Miṣr wa-Maṭbaʻatihā,</subfield>
    <subfield code="c">[1945]</subfield>
  </datafield>
  <datafield ind1=" " ind2=" " tag="300">
    <subfield code="a">85 p. ;</subfield>
    <subfield code="c">22 cm.</subfield>
  </datafield>
  <datafield ind1=" " ind2=" " tag="500">
    <subfield code="a">Translation of: Fadren.</subfield>
  </datafield>
  <datafield ind1=" " ind2=" " tag="500">
    <subfield code="a">Cover title: al-Ab.</subfield>
  </datafield>
  <datafield ind1=" " ind2=" " tag="533">
    <subfield code="a">Photocopy.</subfield>
    <subfield code="b">Princeton, N.J. :</subfield>
    <subfield code="c">Princeton University Library,</subfield>
    <subfield code="d">1991.</subfield>
  </datafield>
  <datafield ind1="0" ind2=" " tag="740">
    <subfield code="a">Ab.</subfield>
  </datafield>
  <datafield ind1="1" ind2="0" tag="880">
    <subfield code="6">245-01/r</subfield>
    <subfield code="a">مسرحية الاب /</subfield>
    <subfield code="c">تأليف اوجست سترندبرج ؛ ترجمة وديع فلسطين.</subfield>
  </datafield>
  <datafield ind1=" " ind2=" " tag="880">
    <subfield code="6">260-02/r</subfield>
    <subfield code="a">[القاهرة] :</subfield>
    <subfield code="b">يطلب من مكتبة مصر ومطبعتها،</subfield>
    <subfield code="c">[1945]</subfield>
  </datafield>
  <datafield ind1=" " ind2=" " tag="998">
    <subfield code="a">07/09/91</subfield>
    <subfield code="s">9114</subfield>
    <subfield code="n">NjP</subfield>
    <subfield code="w">NJPG88B44264</subfield>
    <subfield code="d">09/02/88</subfield>
    <subfield code="c">JCB</subfield>
    <subfield code="b">NJB</subfield>
    <subfield code="i">910709</subfield>
    <subfield code="l">NJPG</subfield>
  </datafield>
  <datafield ind1=" " ind2=" " tag="911">
    <subfield code="a">19921028</subfield>
  </datafield>
  <datafield ind1=" " ind2=" " tag="912">
    <subfield code="a">19910709000000.0</subfield>
  </datafield>
  <datafield ind1=" " ind2=" " tag="994">
    <subfield code="a">C0</subfield>
    <subfield code="b">PUL</subfield>
  </datafield>
  <datafield ind1=" " ind2=" " tag="999">
    <subfield code="a">464958</subfield>
  </datafield>
  <datafield ind1="0" ind2="0" tag="852">
    <subfield code="0">505576</subfield>
    <subfield code="b">nec</subfield>
    <subfield code="t">1</subfield>
    <subfield code="h">PT9812.F32</subfield>
    <subfield code="i">A7</subfield>
  </datafield>
  <datafield ind1="0" ind2="0" tag="852">
    <subfield code="0">1926439</subfield>
    <subfield code="b">rcppa</subfield>
    <subfield code="t">0</subfield>
    <subfield code="h">PT9812.F3</subfield>
    <subfield code="i">A7</subfield>
    <subfield code="x">tr fr arab</subfield>
  </datafield>
  <datafield ind1=" " ind2=" " tag="959">
    <subfield code="a">2000-06-13 00:00:00 -0500</subfield>
  </datafield>
</record>
